@article{OptTransport,
  author    = {Mohammad Mozaffari and
               Walid Saad and
               Mehdi Bennis and
               M{\'{e}}rouane Debbah},
  title     = {Optimal Transport Theory for Power-Efficient Deployment of Unmanned
               Aerial Vehicles},
  journal   = {CoRR},
  volume    = {abs/1602.01532},
  year      = {2016},
  url       = {http://arxiv.org/abs/1602.01532},
  archivePrefix = {arXiv},
  eprint    = {1602.01532},
  timestamp = {Mon, 13 Aug 2018 16:48:35 +0200},
  biburl    = {https://dblp.org/rec/bib/journals/corr/MozaffariSBD16},
  bibsource = {dblp computer science bibliography, https://dblp.org}
}