@INPROCEEDINGS{6956794, 
author={M. {Gao} and X. {Yan} and Y. {Zhang} and C. {Liu} and Y. {Zhang} and Z. {Feng}}, 
booktitle={2014 IEEE Military Communications Conference}, 
title={Fast Spectrum Sensing: A Combination of Channel Correlation and Markov Model}, 
year={2014}, 
volume={}, 
number={}, 
pages={405-410}, 
keywords={energy consumption;entropy;greedy algorithms;Markov processes;radio spectrum management;signal detection;telecommunication channels;fast spectrum sensing;channel correlation;Markov model;valuable spectrum resources;cognitive radio;wide-band spectrum sensing;greedy clustering algorithm;minimum entropy increment clustering algorithm;channel states;Markov process;estimated channels;detected channel;maximum a posteriori principle;entropy principle;uncertainty based update algorithm;Correlation;Channel estimation;Entropy;Clustering algorithms;Sensors;Markov processes;Estimation;Cognitive Radio;Spectrum Sensing;Real-world Measurement;Channel State Prediction;Channel Classification}, 
doi={10.1109/MILCOM.2014.73}, 
ISSN={}, 
month={Oct},}

@INPROCEEDINGS{4554696, 
author={C. {Park} and S. {Kim} and S. {Lim} and M. {Song}}, 
booktitle={2007 Asia-Pacific Microwave Conference}, 
title={HMM Based Channel Status Predictor for Cognitive Radio}, 
year={2007}, 
volume={}, 
number={}, 
pages={1-4}, 
keywords={cognitive radio;hidden Markov models;software radio;HMM based channel status predictor;cognitive radio;software defined radio;channel management function;Hidden Markov models;Cognitive radio;Chromium;Predictive models;Engines;Testing;Physical layer;Environmental management;Radio spectrum management;Research and development management;Hidden Markov Model;Channel Predictor;Cognitive Radio;Cognitive Engine}, 
doi={10.1109/APMC.2007.4554696}, 
ISSN={}, 
month={Dec},}

@INPROCEEDINGS{7032338, 
author={G. {Ding} and J. {Wang} and Q. {Wu} and L. {Yu} and Y. {Jiao} and X. {Gao}}, 
booktitle={2014 IEEE Global Conference on Signal and Information Processing (GlobalSIP)}, 
title={Joint spectral-temporal spectrum prediction from incomplete historical observations}, 
year={2014}, 
volume={}, 
number={}, 
pages={1325-1329}, 
keywords={cognitive radio;correlation methods;radio spectrum management;signal detection;spectral-temporal spectrum prediction;incomplete historical observations;time domain-frequency domain correlations;spectral-temporal correlations;soft-impute algorithm;Correlation;Cognitive radio;Time-frequency analysis;Sensors;TV;Cognitive radio;spectrum prediction;spectrum sensing;spectrum database;matrix completion}, 
doi={10.1109/GlobalSIP.2014.7032338}, 
ISSN={}, 
month={Dec},}

@article{Kaelbling:1998:PAP:1643275.1643301,
 author = {Kaelbling, Leslie Pack and Littman, Michael L. and Cassandra, Anthony R.},
 title = {Planning and Acting in Partially Observable Stochastic Domains},
 journal = {Artif. Intell.},
 issue_date = {May, 1998},
 volume = {101},
 number = {1-2},
 month = may,
 year = {1998},
 issn = {0004-3702},
 pages = {99--134},
 numpages = {36},
 url = {http://dx.doi.org/10.1016/S0004-3702(98)00023-X},
 doi = {10.1016/S0004-3702(98)00023-X},
 acmid = {1643301},
 publisher = {Elsevier Science Publishers Ltd.},
 address = {Essex, UK},
 keywords = {Partially observable Markov decision processes, Planning, Uncertainty},
} 

@article{DBLP:journals/corr/abs-1109-2145,
  author    = {Matthijs T. J. Spaan and
               Nikos A. Vlassis},
  title     = {Perseus: Randomized Point-based Value Iteration for POMDPs},
  journal   = {CoRR},
  volume    = {abs/1109.2145},
  year      = {2011},
  url       = {http://arxiv.org/abs/1109.2145},
  archivePrefix = {arXiv},
  eprint    = {1109.2145},
  timestamp = {Mon, 13 Aug 2018 16:46:32 +0200},
  biburl    = {https://dblp.org/rec/bib/journals/corr/abs-1109-2145},
  bibsource = {dblp computer science bibliography, https://dblp.org}
}

@inproceedings{Pineau:2003:PVI:1630659.1630806,
 author = {Pineau, Joelle and Gordon, Geoff and Thrun, Sebastian},
 title = {Point-based Value Iteration: An Anytime Algorithm for POMDPs},
 booktitle = {Proceedings of the 18th International Joint Conference on Artificial Intelligence},
 series = {IJCAI'03},
 year = {2003},
 location = {Acapulco, Mexico},
 pages = {1025--1030},
 numpages = {6},
 url = {http://dl.acm.org/citation.cfm?id=1630659.1630806},
 acmid = {1630806},
 publisher = {Morgan Kaufmann Publishers Inc.},
 address = {San Francisco, CA, USA},
}

@INPROCEEDINGS{5496076, 
author={J. {Oksanen} and V. {Koivunen} and J. {Lundén} and A. {Huttunen}}, 
booktitle={2010 IEEE International Conference on Acoustics, Speech and Signal Processing}, 
title={Diversity-based spectrum sensing policy for detecting primary signals over multiple frequency bands}, 
year={2010}, 
volume={}, 
number={}, 
pages={3130-3133}, 
keywords={cognitive radio;radio spectrum management;signal detection;diversity-based spectrum sensing policy;primary signals detection;multiple frequency bands;cognitive radios;flexible spectrum use;spatial diversity;Signal detection;Frequency diversity;Cognitive radio;Wireless sensor networks;Interference;Radiofrequency identification;Receivers;Radio transmitters;Throughput;Radio spectrum management;Cognitive radio;Spectrum sensing;Frequency hopping;Spatial diversity}, 
doi={10.1109/ICASSP.2010.5496076}, 
ISSN={}, 
month={March},}

@ARTICLE{4804743, 
author={S. {Chaudhari} and V. {Koivunen} and H. V. {Poor}}, 
journal={IEEE Transactions on Signal Processing}, 
title={Autocorrelation-Based Decentralized Sequential Detection of OFDM Signals in Cognitive Radios}, 
year={2009}, 
volume={57}, 
number={7}, 
pages={2690-2700}, 
keywords={AWGN channels;cognitive radio;maximum likelihood estimation;multipath channels;OFDM modulation;sequential estimation;signal detection;autocorrelation-based decentralized sequential detection;OFDM signals;cognitive radios;log likelihood ratio test statistic;maximum likelihood estimate;additive white Gaussian noise;multipath channels;sequential detection scheme;fusion center;Neyman-Pearson fixed sample size;cyclic prefix;Autocorrelation;OFDM;Signal detection;Cognitive radio;Detectors;Testing;Signal to noise ratio;AWGN;Face detection;Statistics;Autocorrelation coefficient;cooperative detection;cyclic prefix;sequential detection;spectrum sensing}, 
doi={10.1109/TSP.2009.2019176}, 
ISSN={}, 
month={July},}

@ARTICLE{6507570, 
author={J. {Lundén} and S. R. {Kulkarni} and V. {Koivunen} and H. V. {Poor}}, 
journal={IEEE Journal of Selected Topics in Signal Processing}, 
title={Multiagent Reinforcement Learning Based Spectrum Sensing Policies for Cognitive Radio Networks}, 
year={2013}, 
volume={7}, 
number={5}, 
pages={858-868}, 
keywords={cognitive radio;learning (artificial intelligence);multi-agent systems;radio spectrum management;signal detection;stochastic games;telecommunication computing;telecommunication network reliability;multiagent reinforcement learning;distributed multiuser multiband spectrum sensing policies;cognitive radio networks;partially observable stochastic game;secondary users;sensing reliability;network nodes;SU collaboration;local interactions;frequency bands;spectrum occupancy;local neighborhood;missed detection probability;local test statistics;Sensors;Cognitive radio;Learning (artificial intelligence);Games;Collaboration;Time-frequency analysis;Ad hoc networks;Cognitive radio networks;collaborative spectrum sensing;multiagent reinforcement learning;multiuser multiband spectrum sensing policy;partially observable stochastic game}, 
doi={10.1109/JSTSP.2013.2259797}, 
ISSN={}, 
month={Oct},}

@Article{Zhang2012,
author="Zhang, Ping
and Liu, Yang
and Feng, ZhiYong
and Zhang, QiXun
and Li, Qian
and Xu, Ding",
title="Intelligent and efficient development of wireless networks: A review of cognitive radio networks",
journal="Chinese Science Bulletin",
year="2012",
month="Oct",
day="01",
volume="57",
number="28",
pages="3662--3676",
abstract="Facing the challenges on how to improve spectrum efficiency and how to realize heterogeneous network convergence in future wireless networks, a cognitive radio network (CRN) is proposed as one of the solutions. This has become a major research topic in recent years and it is timely to give an overview of the development of CRN and to summarize key issues and technologies. The fundamental concepts of CRN, including the cognitive cycle model, the network architecture, and the cognitive ability and intelligent decision functions, are introduced in detail based on recent advances. Key issues for each topic, followed with recent research on theory and method, are then classified and the industrialization developments of CRN testbeds based on TD-LTE cellular system and standards are briefly presented. Finally, conclusions are reached on the perspectives and directions of future development.",
issn="1861-9541",
doi="10.1007/s11434-012-5334-5",
url="https://doi.org/10.1007/s11434-012-5334-5"
}

@ARTICLE{4796930, 
author={T. {Yucek} and H. {Arslan}}, 
journal={IEEE Communications Surveys Tutorials}, 
title={A survey of spectrum sensing algorithms for cognitive radio applications}, 
year={2009}, 
volume={11}, 
number={1}, 
pages={116-130}, 
keywords={cognitive radio;radio access networks;sensors;spread spectrum communication;telecommunication traffic;cognitive radio applications;opportunistic spectrum access concepts;multidimensional spectrum sensing concept;network traffic;statistical modeling;network utilization;primary user behavior;Cognitive radio;Predictive models;Radio spectrum management;FCC;Energy measurement;Frequency measurement;Telecommunication traffic;Traffic control;Wireless sensor networks;Radiofrequency identification;Cognitive radio, spectrum sensing, dynamic spectrum access, multi-dimensional spectrum sensing, cooperative sensing, radio identification}, 
doi={10.1109/SURV.2009.090109}, 
ISSN={}, 
month={First},}

@INPROCEEDINGS{5990482, 
author={S. {Maleki} and S. P. {Chepuri} and G. {Leus}}, 
booktitle={2011 IEEE 12th International Workshop on Signal Processing Advances in Wireless Communications}, 
title={Energy and throughput efficient strategies for cooperative spectrum sensing in cognitive radios}, 
year={2011}, 
volume={}, 
number={}, 
pages={71-75}, 
keywords={cognitive radio;cooperative communication;demodulation;energy conservation;optimisation;probability;radio networks;throughput efficient strategy;energy efficient strategy;efficient cooperative spectrum sensing;cognitive radio network;detection performance;efficient throughput optimization setup;fusion rule;detection probability;false alarm;throughput maximization;optimal reporting time;sensing time frame;line search problem;AND rule;OR rule;Cognitive radio;Throughput;Sensors;Optimization;Energy consumption;Search problems;Interference;Cognitive radios;Cooperative spectrum sensing;Energy efficiency;Hard decision fusion;Scheduling}, 
doi={10.1109/SPAWC.2011.5990482}, 
ISSN={}, 
month={June},}

@INPROCEEDINGS{4562537, 
author={F. {Xu} and L. {Zhang} and Z. {Zhou} and Y. {Ye}}, 
booktitle={2008 3rd International Conference on Cognitive Radio Oriented Wireless Networks and Communications (CrownCom 2008)}, 
title={Architecture for Next-Generation Reconfigurable Wireless Networks using Cognitive Radio}, 
year={2008}, 
volume={}, 
number={}, 
pages={1-5}, 
keywords={cognitive radio;IP networks;mobile radio;multimedia communication;radio access networks;telecommunication security;WiMax;next-generation reconfigurable wireless networks;cognitive radio;mobile communications;wireless communications;wireless access networks;IP multimedia subsystem;3GPP system;Wimax system;resource management;security;Next generation networking;Wireless networks;Cognitive radio;Chromium;Intelligent networks;Mobile communication;Wireless communication;Communications technology;Frequency;Internetworking;Cognitive Radio;Reconfigurability;IMS;3GPP;Wimax}, 
doi={10.1109/CROWNCOM.2008.4562537}, 
ISSN={}, 
month={May},}

@INPROCEEDINGS{6882406, 
author={M. {Danneberg} and R. {Datta} and A. {Festag} and G. {Fettweis}}, 
booktitle={2014 IEEE 8th Sensor Array and Multichannel Signal Processing Workshop (SAM)}, 
title={Experimental testbed for 5G cognitive radio access in 4G LTE cellular systems}, 
year={2014}, 
volume={}, 
number={}, 
pages={321-324}, 
keywords={4G mobile communication;cellular radio;cognitive radio;Long Term Evolution;OFDM modulation;GFDM;generalized frequency division multiplexing;5G waveform;LTE OFDM;Long Term Evolution orthogonal frequency division multiplex;load balancing;device-to-device communication;machine-type communication;CR concept;primary user protection;spectrum utilization efficiency;licensed spectrum;opportunistically-access available spectrum;spatially-unused spectrum detection;CR devices;spectrum usage inefficiency;wireless spectrum;cognitive radio technology;4G LTE cellular systems;5G cognitive radio access;OFDM;Cognitive radio;Long Term Evolution;Mobile communication;Pulse shaping methods;Conferences;5G Waveform;Coexistance;Cognitive Radio;Experimental Testbed;LTE waveform}, 
doi={10.1109/SAM.2014.6882406}, 
ISSN={}, 
month={June},}

@INPROCEEDINGS{7158089, 
author={C. {Pradhan} and K. {Sankhe} and S. {Kumar} and G. R. {Murthy}}, 
booktitle={2015 12th Annual IEEE Consumer Communications and Networking Conference (CCNC)}, 
title={Revamp of eNodeB for 5G networks: Detracting spectrum scarcity}, 
year={2015}, 
volume={}, 
number={}, 
pages={862-868}, 
keywords={5G mobile communication;beam steering;cellular radio;cochannel interference;MIMO communication;mobility management (mobile radio);quality of service;radio spectrum management;space division multiple access;spectrum scarcity detraction;eNodeB Revamp;eNB Revamp;5G cellular communication network;priority driven resource block handoff algorithm;full-duplex multiuser MIMO communication;in-band uplink operation;in-band downlink operation;space division multiple access technique;SDMA technique;beam steering;cochannel interference;CCI;RB handoff mechanism;multiple mobile UE;QoS;Antenna arrays;Silicon carbide;Downlink;Mobile communication;Uplink;Noise;5G;Full-Duplex;MU-MIMO;Resource Block handoff;SDMA;CCI}, 
doi={10.1109/CCNC.2015.7158089}, 
ISSN={}, 
month={Jan},}